<record><leader>00000cas a22000007a 4500</leader><controlfield tag="001">19517561</controlfield><controlfield tag="008">890407d19561977mduwr ne      0    0eng d</controlfield><datafield ind1=" " ind2=" " tag="010"><subfield code="a">sn 88065767 </subfield></datafield><datafield ind1=" " ind2=" " tag="040"><subfield code="a">MFN</subfield><subfield code="b">eng</subfield><subfield code="c">MFN</subfield><subfield code="d">OCLCQ</subfield></datafield><datafield ind1=" " ind2=" " tag="042"><subfield code="a">msc</subfield></datafield><datafield ind1=" " ind2="4" tag="050"><subfield code="a">AN41.641.B4</subfield><subfield code="b">T7</subfield></datafield><datafield ind1="0" ind2=" " tag="130"><subfield code="a">Tribune (Bethesda, Md.)</subfield></datafield><datafield ind1="1" ind2="4" tag="245"><subfield code="a">The tribune.</subfield></datafield><datafield ind1="1" ind2="3" tag="246"><subfield code="a">Tribune Montgomery County, Maryland</subfield></datafield><datafield ind1="1" ind2="7" tag="246"><subfield code="a">Bethesda-Chevy Chase tribune</subfield></datafield><datafield ind1=" " ind2=" " tag="260"><subfield code="a">Bethesda, Md. :</subfield><subfield code="b">Bethesda-Chevy Chase Pub. Co.</subfield></datafield><datafield ind1=" " ind2=" " tag="300"><subfield code="a">v.</subfield></datafield><datafield ind1=" " ind2=" " tag="310"><subfield code="a">Weekly</subfield></datafield><datafield ind1="0" ind2=" " tag="362"><subfield code="a">Vol. 19, no. 42 (Jan. 20, 1956)-v. 40, [no.] 39 (Jan. 28, 1977).</subfield></datafield><datafield ind1=" " ind2=" " tag="752"><subfield code="a">United States</subfield><subfield code="b">Maryland</subfield><subfield code="c">Montgomery</subfield><subfield code="d">Bethesda.</subfield></datafield><datafield ind1="0" ind2="0" tag="780"><subfield code="t">Tribune Montgomery County, Maryland</subfield><subfield code="w">(DLC)sn 88065768</subfield></datafield></record>